\documentclass[10pt]{IEEEtran}
\begin{document}
@online{r1,
author = {Waze},
title = {Waze},
year = {2018},
url = {https://www.waze.com/about},
}

@online{r2,
author = {Wiki},
title = {Waze},
year = {2018},
url = {https://en.wikipedia.org/wiki/Waze},
}
\end{document}